%YAML 1.1
%TAG !u! tag:unity3d.com,2011:
--- !u!1 &1836571238408284830
GameObject:
  m_ObjectHideFlags: 0
  m_CorrespondingSourceObject: {fileID: 0}
  m_PrefabInstance: {fileID: 0}
  m_PrefabAsset: {fileID: 0}
  serializedVersion: 6
  m_Component:
  - component: {fileID: 4474753823772316794}
  - component: {fileID: 340231137451800313}
  m_Layer: 0
  m_Name: CloseAnim
  m_TagString: Untagged
  m_Icon: {fileID: 0}
  m_NavMeshLayer: 0
  m_StaticEditorFlags: 0
  m_IsActive: 1
--- !u!4 &4474753823772316794
Transform:
  m_ObjectHideFlags: 0
  m_CorrespondingSourceObject: {fileID: 0}
  m_PrefabInstance: {fileID: 0}
  m_PrefabAsset: {fileID: 0}
  m_GameObject: {fileID: 1836571238408284830}
  m_LocalRotation: {x: -0, y: -0, z: -0.4816007, w: 0.8763908}
  m_LocalPosition: {x: -0.25104588, y: 0.39527994, z: 0.000000834465}
  m_LocalScale: {x: 1, y: 1, z: 1}
  m_Children: []
  m_Father: {fileID: 8705644189987307200}
  m_RootOrder: 3
  m_LocalEulerAnglesHint: {x: 0, y: 0, z: 0}
--- !u!114 &340231137451800313
MonoBehaviour:
  m_ObjectHideFlags: 0
  m_CorrespondingSourceObject: {fileID: 0}
  m_PrefabInstance: {fileID: 0}
  m_PrefabAsset: {fileID: 0}
  m_GameObject: {fileID: 1836571238408284830}
  m_Enabled: 1
  m_EditorHideFlags: 0
  m_Script: {fileID: 11500000, guid: 3367345efc74a4ff1b5fb57d9e514946, type: 3}
  m_Name: 
  m_EditorClassIdentifier: 
  OpenPos: {fileID: 6423372009321149356}
  ClosePos: {fileID: 6611004234828481243}
  closeTime: 0.4
  targetTransform: {fileID: 1516478247322136062}
  interactiveButton: {fileID: 4443566695201149042}
--- !u!1 &5448224785575104606
GameObject:
  m_ObjectHideFlags: 0
  m_CorrespondingSourceObject: {fileID: 0}
  m_PrefabInstance: {fileID: 0}
  m_PrefabAsset: {fileID: 0}
  serializedVersion: 6
  m_Component:
  - component: {fileID: 6423372009321149356}
  m_Layer: 0
  m_Name: OpenPos
  m_TagString: Untagged
  m_Icon: {fileID: 0}
  m_NavMeshLayer: 0
  m_StaticEditorFlags: 0
  m_IsActive: 1
--- !u!4 &6423372009321149356
Transform:
  m_ObjectHideFlags: 0
  m_CorrespondingSourceObject: {fileID: 0}
  m_PrefabInstance: {fileID: 0}
  m_PrefabAsset: {fileID: 0}
  m_GameObject: {fileID: 5448224785575104606}
  m_LocalRotation: {x: -0.6952286, y: -0.4141971, z: 0.30558217, w: 0.50171465}
  m_LocalPosition: {x: 0.80999845, y: 0.700001, z: -0.16000366}
  m_LocalScale: {x: 10, y: 10, z: 10}
  m_Children: []
  m_Father: {fileID: 8705644189987307200}
  m_RootOrder: 4
  m_LocalEulerAnglesHint: {x: 0, y: 0, z: 0}
--- !u!1 &5698491845019371960
GameObject:
  m_ObjectHideFlags: 0
  m_CorrespondingSourceObject: {fileID: 0}
  m_PrefabInstance: {fileID: 0}
  m_PrefabAsset: {fileID: 0}
  serializedVersion: 6
  m_Component:
  - component: {fileID: 6611004234828481243}
  m_Layer: 0
  m_Name: 'ClosePos '
  m_TagString: Untagged
  m_Icon: {fileID: 0}
  m_NavMeshLayer: 0
  m_StaticEditorFlags: 0
  m_IsActive: 1
--- !u!4 &6611004234828481243
Transform:
  m_ObjectHideFlags: 0
  m_CorrespondingSourceObject: {fileID: 0}
  m_PrefabInstance: {fileID: 0}
  m_PrefabAsset: {fileID: 0}
  m_GameObject: {fileID: 5698491845019371960}
  m_LocalRotation: {x: -0.6952286, y: -0.4141971, z: 0.30558217, w: 0.50171465}
  m_LocalPosition: {x: 0.58, y: 0.27, z: -0.15}
  m_LocalScale: {x: 10, y: 10, z: 10}
  m_Children: []
  m_Father: {fileID: 8705644189987307200}
  m_RootOrder: 5
  m_LocalEulerAnglesHint: {x: 0, y: 0, z: 0}
--- !u!1 &5772577705741542503
GameObject:
  m_ObjectHideFlags: 0
  m_CorrespondingSourceObject: {fileID: 0}
  m_PrefabInstance: {fileID: 0}
  m_PrefabAsset: {fileID: 0}
  serializedVersion: 6
  m_Component:
  - component: {fileID: 8705644189987307200}
  - component: {fileID: 4443566695201149042}
  - component: {fileID: 7158756204292361123}
  - component: {fileID: 1657558791473570090}
  m_Layer: 0
  m_Name: GreenInteractiveGateButton
  m_TagString: Untagged
  m_Icon: {fileID: 0}
  m_NavMeshLayer: 0
  m_StaticEditorFlags: 0
  m_IsActive: 1
--- !u!4 &8705644189987307200
Transform:
  m_ObjectHideFlags: 0
  m_CorrespondingSourceObject: {fileID: 0}
  m_PrefabInstance: {fileID: 0}
  m_PrefabAsset: {fileID: 0}
  m_GameObject: {fileID: 5772577705741542503}
  m_LocalRotation: {x: 0, y: 0, z: -0.9999998, w: 0.00058460544}
  m_LocalPosition: {x: -66.62, y: 39.85, z: 67.25436}
  m_LocalScale: {x: -1.5, y: 1.5, z: 1}
  m_Children:
  - {fileID: 1516478247322136062}
  - {fileID: 7014536933864022246}
  - {fileID: 502016379994798837}
  - {fileID: 4474753823772316794}
  - {fileID: 6423372009321149356}
  - {fileID: 6611004234828481243}
  m_Father: {fileID: 0}
  m_RootOrder: 0
  m_LocalEulerAnglesHint: {x: 0, y: 0, z: -179.93301}
--- !u!114 &4443566695201149042
MonoBehaviour:
  m_ObjectHideFlags: 0
  m_CorrespondingSourceObject: {fileID: 0}
  m_PrefabInstance: {fileID: 0}
  m_PrefabAsset: {fileID: 0}
  m_GameObject: {fileID: 5772577705741542503}
  m_Enabled: 1
  m_EditorHideFlags: 0
  m_Script: {fileID: 11500000, guid: 2c3e2fb0f434f45e785bb35ae324de63, type: 3}
  m_Name: 
  m_EditorClassIdentifier: 
  ineractableObject: {fileID: 0}
  isUsed: 0
--- !u!61 &7158756204292361123
BoxCollider2D:
  m_ObjectHideFlags: 0
  m_CorrespondingSourceObject: {fileID: 0}
  m_PrefabInstance: {fileID: 0}
  m_PrefabAsset: {fileID: 0}
  m_GameObject: {fileID: 5772577705741542503}
  m_Enabled: 1
  m_Density: 1
  m_Material: {fileID: 0}
  m_IsTrigger: 1
  m_UsedByEffector: 0
  m_UsedByComposite: 0
  m_Offset: {x: 1.0792236, y: 1.4258567}
  m_SpriteTilingProperty:
    border: {x: 0, y: 0, z: 0, w: 0}
    pivot: {x: 0, y: 0}
    oldSize: {x: 0, y: 0}
    newSize: {x: 0, y: 0}
    adaptiveTilingThreshold: 0
    drawMode: 0
    adaptiveTiling: 0
  m_AutoTiling: 0
  serializedVersion: 2
  m_Size: {x: 0.8613825, y: 0.7671373}
  m_EdgeRadius: 0
--- !u!50 &1657558791473570090
Rigidbody2D:
  serializedVersion: 4
  m_ObjectHideFlags: 0
  m_CorrespondingSourceObject: {fileID: 0}
  m_PrefabInstance: {fileID: 0}
  m_PrefabAsset: {fileID: 0}
  m_GameObject: {fileID: 5772577705741542503}
  m_BodyType: 1
  m_Simulated: 1
  m_UseFullKinematicContacts: 0
  m_UseAutoMass: 0
  m_Mass: 1
  m_LinearDrag: 0
  m_AngularDrag: 0.05
  m_GravityScale: 1
  m_Material: {fileID: 0}
  m_Interpolate: 0
  m_SleepingMode: 1
  m_CollisionDetection: 0
  m_Constraints: 0
--- !u!1 &7359449264522931867
GameObject:
  m_ObjectHideFlags: 0
  m_CorrespondingSourceObject: {fileID: 0}
  m_PrefabInstance: {fileID: 0}
  m_PrefabAsset: {fileID: 0}
  serializedVersion: 6
  m_Component:
  - component: {fileID: 502016379994798837}
  - component: {fileID: 1725028345833418423}
  m_Layer: 0
  m_Name: boxCollider
  m_TagString: Untagged
  m_Icon: {fileID: 0}
  m_NavMeshLayer: 0
  m_StaticEditorFlags: 0
  m_IsActive: 1
--- !u!4 &502016379994798837
Transform:
  m_ObjectHideFlags: 0
  m_CorrespondingSourceObject: {fileID: 0}
  m_PrefabInstance: {fileID: 0}
  m_PrefabAsset: {fileID: 0}
  m_GameObject: {fileID: 7359449264522931867}
  m_LocalRotation: {x: -0, y: 0, z: -0.97339135, w: -0.22914894}
  m_LocalPosition: {x: 0.019998208, y: 0.039998893, z: 0}
  m_LocalScale: {x: -0.6666667, y: 0.6666667, z: 1}
  m_Children: []
  m_Father: {fileID: 8705644189987307200}
  m_RootOrder: 2
  m_LocalEulerAnglesHint: {x: 0, y: 0, z: 153.50601}
--- !u!61 &1725028345833418423
BoxCollider2D:
  m_ObjectHideFlags: 0
  m_CorrespondingSourceObject: {fileID: 0}
  m_PrefabInstance: {fileID: 0}
  m_PrefabAsset: {fileID: 0}
  m_GameObject: {fileID: 7359449264522931867}
  m_Enabled: 1
  m_Density: 1
  m_Material: {fileID: 0}
  m_IsTrigger: 0
  m_UsedByEffector: 0
  m_UsedByComposite: 0
  m_Offset: {x: 0.57166195, y: 0.56630224}
  m_SpriteTilingProperty:
    border: {x: 0, y: 0, z: 0, w: 0}
    pivot: {x: 0, y: 0}
    oldSize: {x: 0, y: 0}
    newSize: {x: 0, y: 0}
    adaptiveTilingThreshold: 0
    drawMode: 0
    adaptiveTiling: 0
  m_AutoTiling: 0
  serializedVersion: 2
  m_Size: {x: 4.81964, y: 2.0781066}
  m_EdgeRadius: 0
--- !u!1001 &2603662104926555132
PrefabInstance:
  m_ObjectHideFlags: 0
  serializedVersion: 2
  m_Modification:
    m_TransformParent: {fileID: 8705644189987307200}
    m_Modifications:
    - target: {fileID: -4216859302048453862, guid: 0308d0fa7c34d004d971fbe9ecc0a12e,
        type: 3}
      propertyPath: m_LocalPosition.x
      value: 0.68
      objectReference: {fileID: 0}
    - target: {fileID: -4216859302048453862, guid: 0308d0fa7c34d004d971fbe9ecc0a12e,
        type: 3}
      propertyPath: m_LocalPosition.y
      value: 0.37
      objectReference: {fileID: 0}
    - target: {fileID: -4216859302048453862, guid: 0308d0fa7c34d004d971fbe9ecc0a12e,
        type: 3}
      propertyPath: m_LocalPosition.z
      value: 0
      objectReference: {fileID: 0}
    - target: {fileID: -4216859302048453862, guid: 0308d0fa7c34d004d971fbe9ecc0a12e,
        type: 3}
      propertyPath: m_LocalRotation.x
      value: -0.6032589
      objectReference: {fileID: 0}
    - target: {fileID: -4216859302048453862, guid: 0308d0fa7c34d004d971fbe9ecc0a12e,
        type: 3}
      propertyPath: m_LocalRotation.y
      value: -0.3688884
      objectReference: {fileID: 0}
    - target: {fileID: -4216859302048453862, guid: 0308d0fa7c34d004d971fbe9ecc0a12e,
        type: 3}
      propertyPath: m_LocalRotation.z
      value: 0.36888844
      objectReference: {fileID: 0}
    - target: {fileID: -4216859302048453862, guid: 0308d0fa7c34d004d971fbe9ecc0a12e,
        type: 3}
      propertyPath: m_LocalRotation.w
      value: 0.6032589
      objectReference: {fileID: 0}
    - target: {fileID: -4216859302048453862, guid: 0308d0fa7c34d004d971fbe9ecc0a12e,
        type: 3}
      propertyPath: m_RootOrder
      value: 1
      objectReference: {fileID: 0}
    - target: {fileID: -4216859302048453862, guid: 0308d0fa7c34d004d971fbe9ecc0a12e,
        type: 3}
      propertyPath: m_LocalEulerAnglesHint.x
      value: -27.109001
      objectReference: {fileID: 0}
    - target: {fileID: -4216859302048453862, guid: 0308d0fa7c34d004d971fbe9ecc0a12e,
        type: 3}
      propertyPath: m_LocalEulerAnglesHint.y
      value: -90.00001
      objectReference: {fileID: 0}
    - target: {fileID: -4216859302048453862, guid: 0308d0fa7c34d004d971fbe9ecc0a12e,
        type: 3}
      propertyPath: m_LocalEulerAnglesHint.z
      value: 90.00001
      objectReference: {fileID: 0}
    - target: {fileID: -4216859302048453862, guid: 0308d0fa7c34d004d971fbe9ecc0a12e,
        type: 3}
      propertyPath: m_LocalScale.x
      value: 10
      objectReference: {fileID: 0}
    - target: {fileID: -4216859302048453862, guid: 0308d0fa7c34d004d971fbe9ecc0a12e,
        type: 3}
      propertyPath: m_LocalScale.y
      value: 10
      objectReference: {fileID: 0}
    - target: {fileID: -4216859302048453862, guid: 0308d0fa7c34d004d971fbe9ecc0a12e,
        type: 3}
      propertyPath: m_LocalScale.z
      value: 10
      objectReference: {fileID: 0}
    - target: {fileID: -927199367670048503, guid: 0308d0fa7c34d004d971fbe9ecc0a12e,
        type: 3}
      propertyPath: m_Name
      value: Button_Base
      objectReference: {fileID: 0}
    - target: {fileID: -927199367670048503, guid: 0308d0fa7c34d004d971fbe9ecc0a12e,
        type: 3}
      propertyPath: m_IsActive
      value: 1
      objectReference: {fileID: 0}
    m_RemovedComponents: []
  m_SourcePrefab: {fileID: 100100000, guid: 0308d0fa7c34d004d971fbe9ecc0a12e, type: 3}
--- !u!4 &7014536933864022246 stripped
Transform:
  m_CorrespondingSourceObject: {fileID: -4216859302048453862, guid: 0308d0fa7c34d004d971fbe9ecc0a12e,
    type: 3}
  m_PrefabInstance: {fileID: 2603662104926555132}
  m_PrefabAsset: {fileID: 0}
--- !u!1001 &5796458317209896676
PrefabInstance:
  m_ObjectHideFlags: 0
  serializedVersion: 2
  m_Modification:
    m_TransformParent: {fileID: 8705644189987307200}
    m_Modifications:
    - target: {fileID: -4216859302048453862, guid: ee4006ce780fb8d4f833ad4b212146ec,
        type: 3}
      propertyPath: m_LocalPosition.x
      value: 0.80999845
      objectReference: {fileID: 0}
    - target: {fileID: -4216859302048453862, guid: ee4006ce780fb8d4f833ad4b212146ec,
        type: 3}
      propertyPath: m_LocalPosition.y
      value: 0.700001
      objectReference: {fileID: 0}
    - target: {fileID: -4216859302048453862, guid: ee4006ce780fb8d4f833ad4b212146ec,
        type: 3}
      propertyPath: m_LocalPosition.z
      value: -0.16000366
      objectReference: {fileID: 0}
    - target: {fileID: -4216859302048453862, guid: ee4006ce780fb8d4f833ad4b212146ec,
        type: 3}
      propertyPath: m_LocalRotation.x
      value: -0.6952286
      objectReference: {fileID: 0}
    - target: {fileID: -4216859302048453862, guid: ee4006ce780fb8d4f833ad4b212146ec,
        type: 3}
      propertyPath: m_LocalRotation.y
      value: -0.4141971
      objectReference: {fileID: 0}
    - target: {fileID: -4216859302048453862, guid: ee4006ce780fb8d4f833ad4b212146ec,
        type: 3}
      propertyPath: m_LocalRotation.z
      value: 0.30558217
      objectReference: {fileID: 0}
    - target: {fileID: -4216859302048453862, guid: ee4006ce780fb8d4f833ad4b212146ec,
        type: 3}
      propertyPath: m_LocalRotation.w
      value: 0.50171465
      objectReference: {fileID: 0}
    - target: {fileID: -4216859302048453862, guid: ee4006ce780fb8d4f833ad4b212146ec,
        type: 3}
      propertyPath: m_RootOrder
      value: 0
      objectReference: {fileID: 0}
    - target: {fileID: -4216859302048453862, guid: ee4006ce780fb8d4f833ad4b212146ec,
        type: 3}
      propertyPath: m_LocalEulerAnglesHint.x
      value: 0
      objectReference: {fileID: 0}
    - target: {fileID: -4216859302048453862, guid: ee4006ce780fb8d4f833ad4b212146ec,
        type: 3}
      propertyPath: m_LocalEulerAnglesHint.y
      value: 0
      objectReference: {fileID: 0}
    - target: {fileID: -4216859302048453862, guid: ee4006ce780fb8d4f833ad4b212146ec,
        type: 3}
      propertyPath: m_LocalEulerAnglesHint.z
      value: 0
      objectReference: {fileID: 0}
    - target: {fileID: -4216859302048453862, guid: ee4006ce780fb8d4f833ad4b212146ec,
        type: 3}
      propertyPath: m_LocalScale.x
      value: 10
      objectReference: {fileID: 0}
    - target: {fileID: -4216859302048453862, guid: ee4006ce780fb8d4f833ad4b212146ec,
        type: 3}
      propertyPath: m_LocalScale.y
      value: 10
      objectReference: {fileID: 0}
    - target: {fileID: -4216859302048453862, guid: ee4006ce780fb8d4f833ad4b212146ec,
        type: 3}
      propertyPath: m_LocalScale.z
      value: 10
      objectReference: {fileID: 0}
    - target: {fileID: -927199367670048503, guid: ee4006ce780fb8d4f833ad4b212146ec,
        type: 3}
      propertyPath: m_Name
      value: Button_Green
      objectReference: {fileID: 0}
    m_RemovedComponents: []
  m_SourcePrefab: {fileID: 100100000, guid: ee4006ce780fb8d4f833ad4b212146ec, type: 3}
--- !u!4 &1516478247322136062 stripped
Transform:
  m_CorrespondingSourceObject: {fileID: -4216859302048453862, guid: ee4006ce780fb8d4f833ad4b212146ec,
    type: 3}
  m_PrefabInstance: {fileID: 5796458317209896676}
  m_PrefabAsset: {fileID: 0}
